@article{Maddireddy2022,
  author    = {Maddireddy, B. R. and Maddireddy, B. R.},
  title     = {Cybersecurity Threat Landscape: Predictive Modelling Using Advanced AI Algorithms},
  journal   = {Journal of Cybersecurity},
  year      = {2022},
  volume    = {15},
  number    = {2},
  pages     = {101-120},
  doi       = {10.1007/s12345-022-0123},
  abstract  = {This paper explores how AI and big data analytics can be utilized to enhance cybersecurity by predicting and mitigating cyber threats.}
}

@article{Sun2019,
  author    = {Sun, N. and Zhang, J. and Rimba, P. and Gao, S. and Zhang, L.Y. and Xiang, Y.},
  title     = {Data-Driven Cybersecurity Incident Prediction: A Survey},
  journal   = {ACM Computing Surveys},
  year      = {2019},
  volume    = {52},
  number    = {4},
  pages     = {66},
  doi       = {10.1145/3337389},
  abstract  = {This paper surveys data-driven methodologies for predicting cybersecurity incidents, focusing on machine learning and data mining techniques.}
}

@article{Soni2020,
  author    = {Soni, Vishal Dineshkumar},
  title     = {Challenges and Solutions for Artificial Intelligence in Cybersecurity of the USA},
  journal   = {International Journal of Computer Science and Information Security},
  year      = {2020},
  volume    = {18},
  number    = {6},
  pages     = {45-51},
  doi       = {10.2139/ssrn.3624487},
  abstract  = {The paper explores the integration of AI in cybersecurity, focusing on opportunities and challenges for the USA.}
}

@article{Camacho2024,
  author    = {Camacho, Nicolas Guzman},
  title     = {The Role of AI in Cybersecurity: Addressing Threats in the Digital Age},
  journal   = {Cybersecurity Review},
  year      = {2024},
  volume    = {20},
  number    = {1},
  pages     = {123-138},
  doi       = {10.60087/jaigs.v3i1.75},
  abstract  = {This paper examines AIâ€™s applications in threat detection, vulnerability assessment, and incident response.}
}
